<?xml version="1.0" encoding="UTF-8"?><collection><record><leader>07051ntm a2200637 a 4500</leader><controlfield tag="001">006832778</controlfield><controlfield tag="003">MiAaHDL</controlfield><controlfield tag="005">20190719000000.0</controlfield><controlfield tag="006">m        d        </controlfield><controlfield tag="007">cr bn ---auaua</controlfield><controlfield tag="008">090629s1719    xx            00| ||ara d</controlfield><datafield tag="035" ind1=" " ind2=" "><subfield code="a">(MiU)006832778</subfield></datafield><datafield tag="035" ind1=" " ind2=" "><subfield code="a">sdr-miu006832778</subfield></datafield><datafield tag="040" ind1=" " ind2=" "><subfield code="a">MiU</subfield><subfield code="c">MiU</subfield><subfield code="e">amremm</subfield></datafield><datafield tag="043" ind1=" " ind2=" "><subfield code="a">n-us-mi</subfield></datafield><datafield tag="100" ind1="1" ind2=" "><subfield code="6">880-01</subfield><subfield code="a">Qāḍī, ʻAbd al-Raḥīm ibn Aḥmad.</subfield></datafield><datafield tag="240" ind1="1" ind2="0"><subfield code="6">880-02</subfield><subfield code="a">Daqāʼiq al-akhbār fī dhikr al-jannah wa-al-nār</subfield></datafield><datafield tag="245" ind1="1" ind2="0"><subfield code="6">880-03</subfield><subfield code="a">Hādhā Kitāb Daqāʼiq al-akhbār wa-Istikhārah wa-ghayr dhālik,</subfield><subfield code="f">[1131, i.e. 1719].</subfield></datafield><datafield tag="246" ind1="3" ind2=" "><subfield code="a">استخارة</subfield></datafield><datafield tag="246" ind1="3" ind2="8"><subfield code="a">در الفاخرة</subfield></datafield><datafield tag="246" ind1="3" ind2=" "><subfield code="i">Title from inscription on 'title page' (p.1):</subfield><subfield code="a">كتاب در الفاخرة في احوال الاخرة</subfield></datafield><datafield tag="260" ind1=" " ind2=" "><subfield code="c">[1719].</subfield></datafield><datafield tag="300" ind1=" " ind2=" "><subfield code="a">60 leaves :</subfield><subfield code="b">paper ;</subfield><subfield code="c">190 x 140 (160 x 85) mm. bound to 202 x 150 mm.</subfield></datafield><datafield tag="500" ind1=" " ind2=" "><subfield code="a">Shelfmark: Ann Arbor, University of Michigan, Special Collections Library, Isl. Ms. 957</subfield></datafield><datafield tag="500" ind1=" " ind2=" "><subfield code="a">Origin: As appears in colophon on p.114, transcription of main work completed Rajab 1131 [May-June 1719]. As appears on p.120, text of the Istikhārah apparently entered 1271 [1854 or 5] and of following fāʼidah 1281 [1864 or 5].</subfield></datafield><datafield tag="500" ind1=" " ind2=" "><subfield code="a">Former shelfmark: Mich. Isl. Ms. temp. no. 106</subfield></datafield><datafield tag="500" ind1=" " ind2=" "><subfield code="a">Binding: Boards covered in textured black cloth (repeating vegetal patern) with black leather over spine (quarter binding) ; Western style binding ; pastedowns and flyleaves in wove paper printed with a floral vegetal pattern in pink and green ; spine gold-stamped with title and decorative accents over raised bands "در الفاخرة" ; sewn in white thread over three recessed cords ; overall in fairly good condition with minor abrasion, moisture and pest damage.</subfield></datafield><datafield tag="500" ind1=" " ind2=" "><subfield code="a">Support: European laid paper of at least two types ; through p.66 in type with 11-12 laid lines per cm. (vertical), chain lines spaced 22-24 mm. apart (horizontal), and watermark of grapes (raisin) with stem under cartouche and crown (see pp.20, 22, 28, 32, 34, etc.), thin though sturdy, dark cream to beige in color, burnished ; from p.67 mainly in a similar "raisin" type with 11 laid lines per cm. (vertical), chain lines spaced 23-24 mm. apart (horizontal), and watermark of grapes (raisin) under cartouche with initials "I S B" and crown (see pp.70, 76, 84, 88, 98, etc.), thicker and sturdier, medium cream in color, burnished ; final gathering in still possibly another type, lighter in color and well-burnished, though otherwise quite similar.</subfield></datafield><datafield tag="500" ind1=" " ind2=" "><subfield code="a">Decoration: Keywords, section headings and abbreviation symbols (mainly two-teeth stroke overlining keywords) rubricated.</subfield></datafield><datafield tag="500" ind1=" " ind2=" "><subfield code="a">Script: Nastaʻlīq (talik) and naskh ; mainly two clear Turkish hands, each in a medium to bold line ; opening through opening lines of p.66 in nastaʻlīq (talik), serifless with effect of inclination to the right, slight effect of words descending to baseline, some elongation of horizontal strokes, pointing mainly in strokes rather than distinct dots ; p.66 through close of main work on p.114 in naskh, mainly serifless with effect of tilt to the left, curvilinear descenders, pointing in strokes rather than distinct dots ; final works in various hands.</subfield></datafield><datafield tag="500" ind1=" " ind2=" "><subfield code="a">Layout: Written in 15 lines per page ; frame-ruled.</subfield></datafield><datafield tag="500" ind1=" " ind2=" "><subfield code="a">Collation: i, 6 V(60), i ; exclusively quinions ; middle of the quire marks in the form of ه (hāʼ or khamsah) in black ink on the upper outer corner of the left-hand leaf ; catchwords present ; pagination in pencil, Western numerals, supplied during digitization (includes flyleaves).</subfield></datafield><datafield tag="500" ind1=" " ind2=" "><subfield code="a">Colophon: "Scribal," rectangular, reads "قد وقع الفراغ من تحرير الدقائق اخبار [كذا] في شهر رجب بعد النصف سنة احدى وثلثون ومائة والف سنة ١١٣١"</subfield></datafield><datafield tag="500" ind1=" " ind2=" "><subfield code="a">Explicit: "قال انبي عليه السلام ان اهل الجنة يخرج من اجسادهم يأكلون وشربون ثم يصير طعامهم ريحا كريح المسك والكافور اللهم ادخلنا الجنة بمنك وكرمك امين والحمد لله وحده وصلى الله على سيدنا محمد وعلى اله وصحبه وسلم تسليما كثيرا الى يوم الدين امين تمت"</subfield></datafield><datafield tag="500" ind1=" " ind2=" "><subfield code="a">Incipit: "وقد جاء في الخبر ان الله تعالى خلق الشجرة [شجرة] ولها اربعة اغصان فسماها شجرة اليقين ثم خلق نوب محمد عليه السلام في حجاب درة بيضاء مثله مكثل الطاوس ووضعه على تلك الشجرة فسبح عليها مقدار سبعين الف سنة ثم خلق الله تعالى مرآة الحياة ..."</subfield></datafield><datafield tag="500" ind1=" " ind2=" "><subfield code="a">Title from inscription on 'title page' (p.3).</subfield></datafield><datafield tag="500" ind1=" " ind2=" "><subfield code="a">Ms. codex.</subfield></datafield><datafield tag="510" ind1="4" ind2=" "><subfield code="a">Brockelmann, C. GAL,</subfield><subfield code="c">S II 420 ; S I 346</subfield></datafield><datafield tag="520" ind1="8" ind2=" "><subfield code="a">Careful copy of ʻAbd al-Raḥīm ibn Aḥmad al-Qāḍī's eschatological work on events of the end of time and the afterlife drawn from assorted ḥadīth. Followed by several brief excerpts at close (from p.114 including "Istikhārah ʻaẓīmah" on pp.116-120), all likely entered later.</subfield></datafield><datafield tag="538" ind1=" " ind2=" "><subfield code="a">Mode of access: Internet.</subfield></datafield><datafield tag="541" ind1=" " ind2=" "><subfield code="a">Acquired in the Fall of 1950.</subfield></datafield><datafield tag="546" ind1=" " ind2=" "><subfield code="a">Arabic.</subfield></datafield><datafield tag="561" ind1=" " ind2=" "><subfield code="a">On upper pastedown label with ex libris of James Heyworth-Dunne (d.1974), stamped with inventory numbers, "Ex Libris | J. Heyworth-Dunne | D. Lit. (London) | No. 7787" ; former owners' mark on 'title page' (p.3) in name of ʻAlī Ḥāmid al-Mālikī ( علي حامد المالكي ) dated 25 Muḥarram 1257 [ca. 19 March 1841], name written with letters separated in their isolated forms ; UM Library inscription on p.5 "Dunning | Heyworth-Dunne | 6-13-51 | 71955" ; interlinear and marginal glosses and occasional marginal corrections (typically with signes de renvoi including caret and string of dots, see p.51, 58, etc.) ; additional notes and excerpts include list of goods on 'title page' (p.3), various prayers and methods for discernment (including decision via istikhārah), etc.</subfield></datafield><datafield tag="650" ind1=" " ind2="0"><subfield code="a">Manuscripts, Arabic</subfield><subfield code="z">Michigan</subfield><subfield code="z">Ann Arbor.</subfield></datafield><datafield tag="650" ind1=" " ind2="0"><subfield code="a">Hadith</subfield><subfield code="x">Criticism, interpretation, etc.</subfield></datafield><datafield tag="650" ind1=" " ind2="0"><subfield code="a">Islamic eschatology in the Hadith.</subfield></datafield><datafield tag="650" ind1=" " ind2="0"><subfield code="a">Judgment Day (Islam)</subfield></datafield><datafield tag="650" ind1=" " ind2="0"><subfield code="a">Future life</subfield><subfield code="x">Islam.</subfield></datafield><datafield tag="650" ind1=" " ind2="0"><subfield code="a">Islamic eschatology.</subfield></datafield><datafield tag="700" ind1="1" ind2=" "><subfield code="a">Heyworth-Dunne, J.</subfield><subfield code="q">(James),</subfield><subfield code="e">former owner.</subfield></datafield><datafield tag="700" ind1="0" ind2=" "><subfield code="6">880-05</subfield><subfield code="a">ʻAlī Ḥāmid al-Mālikī,</subfield><subfield code="d">fl. 1841,</subfield><subfield code="e">former owner.</subfield></datafield><datafield tag="773" ind1="0" ind2=" "><subfield code="a">Heyworth-Dunne Collection.</subfield></datafield><datafield tag="880" ind1="0" ind2=" "><subfield code="6">700-05/</subfield><subfield code="a">علي حامد المالكي،</subfield><subfield code="e">مالك سابق.</subfield></datafield><datafield tag="880" ind1="1" ind2="0"><subfield code="6">245-03/</subfield><subfield code="a">هذا كتاب دقائق الاخبار واستخاره وغير ذلك،</subfield><subfield code="f">[1131ه، 1719م].</subfield></datafield><datafield tag="880" ind1="1" ind2="0"><subfield code="6">240-02/</subfield><subfield code="a">دقائق الاخبار في ذكر الجنة والنار</subfield></datafield><datafield tag="880" ind1="1" ind2=" "><subfield code="6">100-01/</subfield><subfield code="a">قاضي، عبد الرحمن بن احمد.</subfield></datafield><datafield tag="CID" ind1=" " ind2=" "><subfield code="a">006832778</subfield></datafield><datafield tag="DAT" ind1="0" ind2=" "><subfield code="a">20190719102640.0</subfield><subfield code="b">20190719000000.0</subfield></datafield><datafield tag="DAT" ind1="1" ind2=" "><subfield code="a">20190719090653.0</subfield><subfield code="b">2019-07-19T16:12:25Z</subfield></datafield><datafield tag="DAT" ind1="2" ind2=" "><subfield code="a">2015-10-02T18:00:03Z</subfield></datafield><datafield tag="CAT" ind1=" " ind2=" "><subfield code="a">SDR-MIU</subfield><subfield code="d">EX LIBRIS - ALEPH</subfield><subfield code="l">prepare.pl-004-008</subfield></datafield><datafield tag="FMT" ind1=" " ind2=" "><subfield code="a">BK</subfield></datafield><datafield tag="HOL" ind1=" " ind2=" "><subfield code="0">sdr-miu006832778</subfield><subfield code="a">MiU</subfield><subfield code="b">SDR</subfield><subfield code="c">MIU</subfield><subfield code="p">mdp.39015079131382</subfield><subfield code="s">MIU</subfield><subfield code="1">006832778</subfield></datafield><datafield tag="974" ind1=" " ind2=" "><subfield code="b">MIU</subfield><subfield code="c">MIU</subfield><subfield code="d">20190719</subfield><subfield code="s">lit-dlps-dc</subfield><subfield code="u">mdp.39015079131382</subfield><subfield code="y">1719</subfield><subfield code="r">pd</subfield><subfield code="q">bib</subfield><subfield code="t">non-US bib date1 &lt; 1896</subfield></datafield></record></collection>